



@Online{plattform-i40,
  OPTkey = {},
  title = {Was ist Industrie 4.0?},
  URL = {https://www.plattform-i40.de/PI40/Navigation/DE/Industrie40/WasIndustrie40/was-ist-industrie-40.html},
  urldate = {2021-03-23}
}

@Online{bigdata-insider,
  OPTkey = {},
  title = {Was ist das Internet of Things?},
  URL = {https://www.bigdata-insider.de/was-ist-das-internet-of-things-a-590806/},
  urldate = {2021-03-22}
}

@Online{bigdata-insider-big-data,
  OPTkey = {},
  title = {Was ist Big Data?},
  URL = {https://www.bigdata-insider.de/was-ist-big-data-a-562440/},
  urldate = {2021-03-22}
}

@Online{bigdata-iot,
  OPTkey = {},
  title = {Die Natur von Big data im Internet der Dinge},
  URL = {https://www.scnsoft.de/blog/big-data-im-iot-besonderheiten},
  urldate = {2021-03-22}
}

@Online{bigdata-ibm,
  OPTkey = {},
  title = {Extracting business value from the 4 V's of big data},
  URL = {https://ibm.com/technologyplattform},
  urldate = {2021-03-22}
}

@Online{bigdata-def,
  OPTkey = {},
  title = {Was ist mit Big Data gemeint?},
  URL = {https://datasolut.com/was-ist-big-data/#big-data-4-v},
  urldate = {2021-03-22}
}

@Online{prusa,
  OPTkey ={},
  title ={Prusa Research Filament},
  URL = {https://shop.prusa3d.com/en/16-filament?},
  urldate = {2021-04-10}

}

@Online{innoq,
  OPTkey = {},
  title = {Software-Architektur: Worauf es ankommt - Grundlagen für Software-Architektur},
  URL = {https://www.innoq.com/de/articles/2020/01/grundlagen-fuer-software-architektur/#fn:1},
  urldate = {2021-03-22}
}


@book{industrie_4,
  author = {Kagermann, H. and Wahlster, W. and Helbig, J.},
  title = {Umsetzungsempfehlungen für das Zukunftsprojekt 4.0. Deutschlands Zukunft als Produktionsstandort sichern.},
  langid = {deutsch},
  date = {2013}
}


@book{klet15,
  author = {Kletti, J.},
  title = {MES - Manufacturing Execution System. Moderne Informationstechnologie zur Prozessfähigkeit der Wertschöpfung.},
  langid = {deutsch},
  date = {2015},
  journal = {Springer}
}

@article{schu16,
  author = {Schuh, G.},
  title = {Keine Industrie 4.0 ohne den Digitalen Schatten},
  langid = {deutsch},
  date = {2016},
  journal = {Zeitschrift für wirtschaftlichen Fabrikbetrieb}
}

@article{VDI5600,
  author          = {VDI - Verein Deutscher Ingenieure e.V.},
  title           = {VDI Richtlinie 5600 Blatt 1. Fertigungsmanagementsysteme (Manufacturing Execution System - MES)},
  journal         = {Beuth},
  year            = {2016}
}

@article{iso25010,
  author          = {NIA - NA 043 Normenausschuss Informationstechnik und Anwendungen},
  title           = {ISO/IEC 25010 - System und Software-Engineering - Qualitätskriterien und Bewertung von System und Softwareprodulten (SQuaRE) - Qualitätsmodell und Leitlinien},
  journal         = {Deutsches Institut für Normung},
  year            = {2011}
}

@book{soft-arch,
  author = {Ferstl, K. and Sinz, J.},
  title = {Grundlagen der Wirtschaftsinformatik},
  journal = {Oldenbourg},
  year = {2013}

}

@book{ober17,
  author = {Obermaier, R.},
  title = {Industrie 4.0 als unternehmerische Gestaltungsaufgabe: Strategische und operative Handlungsfelder für Industriebetriebe.},
  langid = {deutsch},
  date = {2017},
  journal = {Springer Gabler}
}

@book{.net-microservices,
  author = {De La Torre, C. and Wagner, B. and Rousos, M.},
  title = {.NET Microservices: Architecture for Containerized .NET Applications},
  langid = {englisch},
  date = {2020},
  journal = {Microsoft Corporation}
}

@book{beck12,
  author = {Becker, J. and Kahn, D.},
  title = {Der Prozess im Fokus},
  langid = {deutsch},
  date = {2012},
  journal = {Springer Gabler}
}

@book{baue14,
  author = {Bauernhansl, T.},
  title = {Die Vierte Industrielle Revolution - Der Weg in ein wertschaffendes Produktionsparadigma.},
  langid = {deutsch},
  journal = {Springer Vieweg},
  date = {2014}
}

@book{transportvorgänge,
  author         = {Kraume M.},
  editor         = {},
  title          = {Transportvorgänge in der Verfahrenstechnik},
  publisher      = {Springer Vieweg},
  year           = {2019}
}

@book{siep16,
  author = {Siepmann, D.},
  title = {Industrie 4.0 - Struktur und Historie},
  langid = {deutsch},
  journal = {Springer Gabler},
  date = {2016}
}

@article{i40_instandhaltung,
  author          = {Wehle H., Dietel M.},
  title           = {Industrie 4.0 - Lösung zur Optimierung von Instandhaltungsprozessen},
  journal         = {Informatik Spektrum - Springer-Verlag},
  volume          = {38},
  number          = {3},
  year            = {2015}
}

@book{sensornetzwerke,
  author = {Meroth A.,Sora P.},
  title = {Sensornetzwerke in Theorie und Praxis},
  langid = {deutsch},
  journal = {Springer Vieweg},
  date = {2018}
}

@book{wahu,
  author = {Huber, W.},
  title = {Industrie 4.0 kompakt - Wie Technologien unsere Wirtschaft und unsere Unternehmen verändern},
  langid = {deutsch},
  journal = {Springer Vieweg},
  date = {2017}
}


@Online{wikibook,
  OPTkey = 	 {},
  title = 	 {Wikibooks LaTeX},
  URL   =      {https://en.wikibooks.org/wiki/LaTeX},
  urldate =      {2016-11-18},
}

@book{koma-script,
  author       = {Markus Kohm},
  title        = {KOMA-Script},
  date         = 2016,
  langid       = {deutsch},
  URL          = {http://mirrors.ctan.org/macros/latex/contrib/koma-script/doc/scrguide.pdf},
}

@Online{FormelTUM,
  OPTkey = 	 {},
  title = 	 {Formeln TUM},
  URL   =      {http://www.ma.tum.de/foswiki/pub/Ferienkurse/WiSe0809/LaTeX/2_Mathematik_print.pdf},
  urldate =      {2016-11-22},
}

@techreport{vdi3677_1,
  author      = {},
  title       = {VDI 3677 Blatt 1 - Filternde Abscheider - Oberflächenfilter},
  institution = {VDI},
  year        = {2010}
}

@techreport{vdi3677_2,
  author      = {},
  title       = {VDI 3677 Blatt 2 - Filternde Abscheider - Tiefenfilter aus Fasern},
  institution = {VDI},
  year        = {2004}
}

@book{Schulz,
  author         = {Karsten Schulz},
  editor         = {},
  title          = {Experteninterview Filterverschleiß},
  publisher      = {Freudenberg Filtration Technologies SE und Co. KG},
  year           = {16.04.2021}}



@Online{TabGen,
  OPTkey = 	 {},
  title = 	 {Tabellengenerator},
  URL   =      {http://www.tablesgenerator.com},
  urldate =      {2016-11-23},
}

@techreport{61158-1,
  author      = {},
  title       = {Industrielle Kommunikationsnetze – Feldbusse – Teil 1: Überblick und Leitfaden zu den Normen der Reihen IEC 61158 und IEC 61784},
  institution = {DIN},
  year        = {2020}
}

@techreport{osi,
  author      = {},
  title       = {ITU-T X.200 Data Networks and open System communications - Open System Interconnection - Model and Notation},
  institution = {ITU},
  year        = {1994}
}

@book{Kleinwindanlagen,
  author       = {Bundesverband e.V.},
  title        = {Kleinwindanlagen},
  date         = 2013,
  langid       = {deutsch},
}

@book{gebauto,
  author       = {Lauckner G., Krimmling J.},
  title        = {Raum- und Gebäudeautomation für Architekten und Ingenieure},
  date         = 2020,
  langid       = {deutsch},
}

@book{Erneuerbare_Energien_und_Klimaschutz,
  author       = {Quasching V.},
  title        = {Erneuerbare Energien und Klimaschutz},
  date         = 2010,
  langid       = {deutsch},
}

@book{Windkraftanlagen,
  author       = {Gasch R., Twele J.},
  title        = {Windkraftanlagen},
  date         = 2007,
  langid       = {deutsch},
}

@Online{Grundlagen_Filtertechnik,
  OPTkey = 	 {},
  title = 	 {Grundlagen Filtertechnik},
  URL   =      {https://www.luftfilterbau.de/cms/upload/produkte/Grundlagen/PDF/Filtertechnik_0I00.pdf},
  urldate =      {30.04.2021},
}

@book{AbscheidungPartikel,
  author         = {Löffler, F.},
  editor         = {},
  title          = {Die Abscheidung von Partikeln aus Gasen in Faserfiltern},
  publisher      = {Chemie-Ing.-Technik},
  year           = {1980}
}


@Online{Google_Maps,
  OPTkey =   {},
  title = 	 {Google Maps},
  URL   =      {https://www.google.de/maps},
  urldate =      {2018-15-02},
}


@book{Technisches_Datenblatt,
  author       = {Southwest Windpower, Inc.},
  title        = {Air - X Owners Manual},
  date         = 2002,
  langid       = {englisch},
}

@book{Staubabscheidung,
author={Löffler F., Dietrich H., Flatt W.},
title={Staubabscheidung mit Schlauchfiltern und Taschenfiltern},
date = 1991,
langid={deutsch},

}


@Online{Direct-Drive,
  OPTkey =   {},
  title = 	 {BMWi Newsletter Energy},
  URL   =      {https://www.bmwi-energiewende.de/EWD/Redaktion/Newsletter/2015/12/Meldung/kontrovers-klinger-jacobs.html},
  urldate =      {2018-03-20},
}

@Online{Arduino_IDE,
  OPTkey =   {},
  title = 	 {Arduino IDE Software},
  URL   =      {https://www.arduino.cc/en/Main/Software},
  urldate =      {2018-22-08},
}

@Online{Arduino_Spannung,
  OPTkey =   {},
  title = 	 {Arduino - ReadAnalogVoltage},
  URL   =      {https://www.arduino.cc/en/Tutorial/ReadAnalogVoltage},
  urldate =      {2018-22-08},
}

@Online{ACS712,
  OPTkey =   {},
  title = 	 {ACS712 Datenblatt},
  URL   =      {https://www.marotronics.de/mediafiles//Sonstiges/ACS712%20Datasheet.pdf},
  urldate =      {2018-22-08},
}

@Online{Hall_Effekt,
  OPTkey =   {},
  title = 	 {Hall - Effekt},
  URL   =      {https://de.wikipedia.org/wiki/Hall-Effekt},
  urldate =      {2018-22-08},
}

@Online{HC_05,
  OPTkey =   {},
  title = 	 {HC - 05 Datenblatt},
  URL   =      {http://www.electronica60norte.com/mwfls/pdf/newBluetooth.pdf},
  urldate =      {2018-23-08},
}

@Online{Monitoring,
  OPTkey =   {},
  title = 	 {Telemetry Viewer},
  URL   =      {http://www.farrellf.com/projects/software/2017-02-11_Telemetry_Viewer_v0.3/},
  urldate =      {2018-23-08},
}

@Online{Anemometer,
  OPTkey =   {},
  title = 	 {Datenblatt Anemometer},
  URL   =      {https://www.warensortiment.de/bedienung/ba-schalenstern-anemometer-windmaster-2.pdf},
  urldate =      {2018-23-08},
}

@Online{Strommesszange,
  OPTkey =   {},
  title = 	 {Strommesszange},
  URL   =      {https://www.testo.com/de-AT/produkte/stromzange},
  urldate =      {2018-15-10},
  
  }
  
@Online{Datenlogger,
  OPTkey =   {},
  title = 	 {Datenlogger},
  URL   =      {https://www.omega.de/pptst/OM-DAQPRO-5300.html},
  urldate =      {2018-23-08},  
}

@Online{Juntek,
  OPTkey =   {},
  title = 	 {Juntek - Leistungsmesser},
  URL   =      {https://www.tomtop.com/de/p-e3591.html},
  urldate =      {2018-23-08},  
}

@Online{Arduino_Platine,
  OPTkey =   {},
  title = 	 {Arduino - Platine},
  URL   =      {https://www.reichelt.de/arduino-uno-rev-3-atmega328-usb-arduino-uno-p119045.html},
  urldate =      {2018-23-08},  
}

@Online{Arduino_Strommesser,
  OPTkey =   {},
  title = 	 {Arduino - Strommesser},
  URL   =      {https://www.az-delivery.de/products/acs712-stromsensor-mit-30a?ls=de},
  urldate =      {2018-23-08},  
}

@Online{Arduino_Bluetooth,
  OPTkey =   {},
  title = 	 {Arduino - Bluetooth},
  URL   =      {https://www.az-delivery.de/products/hc-05-6-pin?ls=de},
  urldate =      {2018-08-23},  
}

@Online{Regressionskoeffizient,
  OPTkey =   {},
  title = 	 {Regressionskoeffizient},
  URL   =      {https://www.inwt-statistics.de/blog-artikel-lesen/Bestimmtheitsmass_R2-Teil2.html},
  urldate =      {2018-08-23},  
}

@Online{Arduino,
  OPTkey =   {},
  title = 	 {Arduino},
  URL   =      {https://t3n.de/news/eigentlich-arduino-725711/},
  urldate =      {2018-08-23},  
}

@Online{Spannungsteiler,
  OPTkey =   {},
  title = 	 {Spannungsteiler},
  URL   =      {https://upload.wikimedia.org/wikipedia/commons/e/eb/Einfacher-unbelasteter-Spannungsteiler.svg},
  urldate =      {2018-08-23},  
}

@Online{Hall_effekt,
  OPTkey =   {},
  title = 	 {Hall - Effekt},
  URL   =      {https://upload.wikimedia.org/wikipedia/commons/thumb/d/d5/Halleffekt.svg/1200px-Halleffekt.svg.png},
  urldate =      {2018-08-23},  
}

@article{LeeLiu,
  author          = {K. W. Lee & B. Y. H. Liu},
  title           = {Theoretical Study of Aerosol Filtration by Fibrous Filters},
  journal         = {Aerosol Science and Technology},
  volume          = {1:2},
  number          = {147-161},
  year            = {1982}
}
@article{Fuchs,
  author          = {I. B. Stechkina & N. A. Fuchs},
  title           = {Studies on Fibrous Aerosol Filters},
  journal         = {Ann. Occup. Hyg.},
  volume          = {9},
  number          = {},
  year            = {1966}
}
@article{hepa,
  author          = {W. Bergman, G. Garcia},
  title           = {HEPA Filter Failure Modes at Elevated Pressure, Temperature and Moisture},
  journal         = {35th International Nuclear Air Cleaning Conference},
  volume          = {},
  number          = {},
  year            = {2018}
}
@Online{seperator,
  OPTkey =   {},
  title = 	 {Schwebstofffilter im Schnitt mit Abscheideprinzipien},
  URL   =      {https://de.wikipedia.org/wiki/Schwebstofffilter#/media/Datei:HEPA_Filter_diagram_de.svg},
  urldate =      {2021-10-21},  
}

@article{giffin,
  author          = {P. Giffin, C. Waggoner, M. Parsons},
  journal         = {Aerosol Science and Technologies},
  number          = {7},
  title           = {Lifecycle Testing Results of Dimple Pleat Radial Flow HEPA Filters Under Ambient and Elevated Conditions},
  volume          = {47},
  year            = {2013}
}
@article{filterfail,
  author          = {E. I.  Wedman, W.L. Gore and Ass. Inc.},
  journal         = {Powder and Bulk Solids Conference and Exhibition},
  number          = {},
  title           = {A Practical Guide to Filter Media Failure Analysis},
  volume          = {},
  year            = {2001}
}
@book{inst,
  author         = {J. Reichel, G. Müller, J. Haeffs},
  editor         = {},
  publisher      = {Springer Vieweg},
  title          = {Betriebliche Instandhaltung 2. Aufl.},
  year           = {2018}
}
@Online{fbu,
  OPTkey =   {},
  title = 	 {Filterbruchüberwachung Dusty},
  URL   =      {https://www.envea.global/de/s/process-de/filterbruchueberwachung/dusty-c/},
  urldate =      {2021-11-03},  
}
@book{tavg,
  author         = {D. Bohne},
  editor         = {},
  publisher      = {Springer Vieweg},
  title          = {Technischer Ausbau von Gebäuden 10. Aufl.},
  year           = {2014}
}
@techreport{16798,
  author      = {},
  institution = {DIN},
  title       = {DIN EN 16798-3 Energetische Bewertung von Gebäuden - Lüftung von Gebäuden - Teil3: Lüftung von Nichtwohngebäuden},
  year        = {2017}
}
@techreport{2758,
  author      = {},
  institution = {DIN},
  title       = {DIN EN ISO 2758 Papier – Bestimmung der Berstfestigkeit},
  year        = {2014}
}
@book{immission,
  author       = {Förtsch G., Meinholz H.},
  title        = {Handbuch Betrieblicher Immissionsschutz 2. Aufl.},
  date         = 2021,
  langid       = {deutsch},
  publisher    = {Springer Vieweg},
}
@book{zyklon,
  author       = {Stieß M.},
  title        = {Mechanische Verfahrenstechnik},
  date         = 1994,
  langid       = {deutsch},
  publisher    = {Springer},
}
@book{frak_filter,
  author       = {Fritz W., Kern H.},
  title        = {Reinigung von Abgasen},
  date         = 1992,
  langid       = {deutsch},
  publisher    = {Vogel},
}
@book{venturi,
  author         = {Görner K., Hübner K.},
  editor         = {},
  publisher      = {Springer Vieweg},
  title          = {Gasreinigung  und Luftreinhaltung},
  year           = {2002}
}
@techreport{filterelemente,
  author      = {},
  institution = {VDMA},
  title       = {Allgemeine Lufttechnik - VDMA Luftfilterinformation (2019-10) - Filterklassen der Raumluft- und Entstaubungstechnik im Überblick},
  year        = {2014}
}
@techreport{1822,
  author      = {},
  institution = {DIN},
  title       = {DIN EN 1822-1 Schwebstofffilter (EPA, HEPA und ULPA) - Teil 1: Klassifikation, Leistungsprüfung, Kennzeichnung},
  year        = {2019}
}
@techreport{16890,
  author      = {},
  institution = {DIN},
  title       = {DIN EN ISO 16890-1 Luftfilter für die allgemeine Raumlufttechnik - Teil 1: Technische Bestimmungen, Anforderungen und Effizienzklassifizierungssystem, basierend auf dem Feinstaubabscheidegrad (ePM)},
  year        = {2019}
}
@Online{altneu,
  OPTkey =   {},
  title = 	 {PDF 49 anstatt 9 Filterklassen - Die Luftfilternorm ISO 16890 in der Übersicht (robatherm GmbH + Co. KG)},
  URL   =      {https://www.robatherm.com/de/system/files/robatherm_ISO16890_deu.pdf},
  urldate =      {2021-11-03},  
}
@Online{feedforward,
  OPTkey =   {},
  title = 	 {Prinzip Feedforward Netz},
  URL   =      {https://upload.wikimedia.org/wikipedia/en/5/54/Feed_forward_neural_net.gif},
  urldate =      {2021-11-16},  
}
@book{ki,
  author         = {Paaß G.,Hecker D.},
  editor         = {},
  publisher      = {Springer Vieweg},
  title          = {Künstliche Intelligenz},
  year           = {2020}
}
@book{reinraum,
  author         = {Gail L., Gommel U.},
  editor         = {},
  publisher      = {Springer Vieweg / VDI},
  title          = {Reinraumtechnik 4. Aufl.},
  year           = {2018}
}
@Online{uba_pm10,
  OPTkey =   {},
  title = 	 {Umweltbundesamt Staubwerte Jahresbilanzen},
  URL   =      {https://www.umweltbundesamt.de/daten/luft/luftdaten/jahresbilanzen/eJxrWpScv9BwUWXqEiMDIwMAMK0FsQ==},
  urldate =      {2021-11-18},
}
@phdthesis{feuchte,
  author      = {C.I. Rickets},
  school      = {Universität Karlsruhe Fak. Chemieingenieurwesen},
  title       = {Zum Verhalten von Schwebstofffiltern der Klasse S bei Durchströmung mit Luft hoher Feuchte},
  year        = {1992}
}
@article{hybride,
  author          = {M. Strube et al.},
  title           = {Hybride Automatisierungslösungen - Wie die IoT-Welt und klassische Automatisierung zusammenwachsen},
  journal         = {Automation Baden-Baden},
  volume          = {},
  number          = {},
  year            = {2019}
}
@Online{disruptive,
  OPTkey =   {},
  title = 	 {Disruptive Technologies Wireless Humidity Sensor},
  URL   =      {https://www.disruptive-technologies.com/products/wireless-sensors/wireless-humidity-sensor},
  urldate =      {2021-11-27},
}
@Online{strömsensor,
  OPTkey =   {},
  title = 	 {electro-mation "low-cost" Strömungssensor, richtungsunabhängig HLK 100},
  URL   =      {https://www.electro-mation.de/produkte/luftgeschwindigkeit-volumenstrom/stroemungssensoren/richtungsunabhangiger-stromungssensor-hlk.html},
  urldate =      {2021-11-27},
}
@Online{drucksensor,
  OPTkey =   {},
  title = 	 {Druck-Messumformer für Differenzdruck, digitaler Ausgang FS1200},
  URL   =      {https://www.fuehlersysteme.de/druck-messumformer-fur-differenzdruck-atmospharischen-barometrischen-luftdruck-und-volumenstrom-digitaler-ausgang.html},
  urldate =      {2021-11-27},
}
@article{faser_elektro,
  author          = {H. Brauer, S. Daniel},
  title           = {Untersuchung der Staubabscheidung in einer Kombination von Faser- und Elektrofilter},
  journal         = {-},
  volume          = {},
  number          = {},
  year            = {1994}
}
@Online{webhookUBA,
  OPTkey =   {},
  title = 	 {Umweltbundesamt Air Data API (2.0.1)},
  URL   =      {https://www.umweltbundesamt.de/daten/luft/luftdaten/doc},
  urldate =      {2021-11-29},
}
@techreport{rudinger,
  author      = {V. Rüdinger et al.},
  institution = {Kernforschungszentrum Karlsruhe},
  title       = {High-Strength High-Efficiency Particulate Air Filters for Nuclear Applications},
  year        = {1990}
}
@Online{knimehub,
  OPTkey =   {},
  title = 	 {KNIME Hub},
  URL   =      {https://hub.knime.com},
  urldate =      {2021-12-10},
}
@Online{entscheidungsbaum,
  OPTkey =   {},
  title = 	 {Binärer Entscheidungsbaum, ob ein Apfelbaum Früchte tragen wird (André Flöter)},
  URL   =      {https://de.wikipedia.org/wiki/Entscheidungsbaum#/media/Datei:Entscheidungsbaum.svg},
  urldate =      {2021-12-13},  
}
@Online{entropie,
  OPTkey =   {},
  title = 	 {Behind  the Scenes of the Decision Tree with KNIME - KNIMETV (offizieller KNIME Youtube Kanal) - 1:49},
  URL   =      {https://www.youtube.com/watch?v=qB8HZpwqPEg},
  urldate =      {2021-12-13},  
}